@article{martin2010,
  title={Partially observable {M}arkov decision processes for interactive music systems},
  author={Martin, Aengus and Jin, Craig and Van Schaik, Andr{\'e} and Martens, William L},
  journal={International Computer Music Conference},
  pages={490--493},
  year={2010}
}


@article{temperley1999,
  title={What's key for key? {T}he {K}rumhansl-{S}chmuckler key-finding algorithm reconsidered},
  author={Temperley, David},
  journal={Music Perception},
  pages={65--100},
  year={1999},
  publisher={University of California Press}
}

@book{ged1979,
 author = {Hofstadter, Douglas R.},
 title = {Godel, Escher, Bach: An Eternal Golden Braid},
 year = {1979},
 isbn = {0465026850},
 publisher = {Basic Books, Inc.},
 address = {New York, NY, USA},
} 

@book{clk1990, 
  author= {Cognitive foundations of musical pitch},
  title = {C. L. Krumhansl},
  year = {1990},
  publisher = {Oxford University Press}
}

@book{gerhard2003,
  title={Pitch extraction and fundamental frequency: History and current techniques},
  author={Gerhard, David},
  year={2003},
  publisher={Regina: Department of Computer Science, University of Regina}
}

@misc{whammy,
  title = {Digitech {Whammy} Pedal},
  howpublished = "\url{http://digitech.com/en/products/whammy-4th-gen}",
  note = {Accessed: 2014-12-18}
}

@misc{live5,
  title = {Digitech {Live 5}},
  howpublished = "\url{http://digitech.com/en/products/live-5}",
  note = {Accessed: 2014-12-18}
}